@inproceedings{hoenisch2018aodv,
  title={AODV--Based Routing for Payment Channel Networks},
  author={Hoenisch, Philipp and Weber, Ingo},
  booktitle={International Conference on Blockchain},
  pages={107--124},
  year={2018},
  organization={Springer}
}

@article{nakamoto2008bitcoin,
  title={Bitcoin: A peer-to-peer electronic cash system},
  author={Nakamoto, Satoshi},
  year={2008},
  publisher={Working Paper}
}

@book{swan2015blockchain,
  title={Blockchain: Blueprint for a new economy},
  author={Swan, Melanie},
  year={2015},
  publisher={" O'Reilly Media, Inc."}
}

@Misc{iot_economic,
howpublished = {\url{https://www.gartner.com/newsroom/id/2636073}},
note = {Accessed November 22, 2018},
title = {Gartner Says the Internet of Things Installed Base Will Grow to 26 Billion Units By 2020},
author = {Gartner}
}

@Misc{new_layer_economy,
howpublished = {\url{https://rossdawson.com/blog/new-layer-economy-enabled-m2m-payments-internet-things/}},
note = {Accessed November 22, 2018},
title = {The new layer of the economy enabled by M2M payments in the Internet of Things},
author = {Ross Dawson}
}

@Misc{blockchain_problem,
howpublished = {\url{https://www.cnbc.com/2018/06/18/blockchain-what-is-it-and-how-does-it-work.html}},
note = {Accessed November 22, 2018},
title = {Everything you need to know about the blockchain},
author = {Arjun Kharpal}
}

@article{poon2016bitcoin,
  title={The bitcoin lightning network: Scalable off-chain instant payments},
  author={Poon, Joseph and Dryja, Thaddeus},
  journal={See https://lightning. network/lightning-network-paper. pdf},
  year={2016}
}